@book{Morais2020,
    title       = "{Probabilidades e Estatística: Teoria, Exemplos e Exercícios}",
    author      = {Morais, Manuel Cabral},
    publisher   = {IST Press},
    year        = {2020},
    ISBN        = "978-989-8481-78-8"
}

@book{Ross2021, 
    title       = "{Introduction to Probability and Statistics for Engineers and Scientists}",
    author      = {Ross, Sheldon M.}, 
    publisher   = {Academic Press}, 
    year        = {2021},
    ISBN        = "978-0-12-824346-6"
}

@book{Dekking2005, 
    title       = "{A Modern Introduction to Probability and Statistics: Understanding Why and How}",
    author      = {Dekking, F. M. and Kraaikamp, C. and Lopuhaä, H. P. and Meester, L. E.}, 
    publisher   = {Springer London}, 
    year        = {2005},
    ISBN        = "978-1-85233-896-1"
}

@book{Matloff2019, 
    title       = "{Probability and Statistics for Data Science: Math + R + Data}",
    author      = {Matloff, Norman}, 
    publisher   = {CRC Press}, 
    year        = {2019},
    ISBN        = "978-1138393295"
}